@misc{PGNStandard
author={Steven J. Edwards},
title={{PGN Standard}},
year=1994,
howpublished={\url{https://archive.org/details/pgn-standard-1994-03-12}},
note={(Accessed on 25/04/2023)}
}

@misc{EnPassant,
howpublished={\url{https://handbook.fide.com/chapter/E012018}},
note={(Accessed on 25/04/2023)}
}

@misc{Websockets,
howpublished={\url{https://websockets.readthedocs.io/en/stable/}},
note={(Accessed on 25/04/2023)}
}

@misc{CompleteCode,
howpublished={\url{https://websockets.readthedocs.io/en/stable/intro/tutorial3.html}},
note={(Accessed on 25/04/2023)}
}

@misc{NoHost,
howpublished={\url{https://docs.python.org/3/library/asyncio-eventloop.html#asyncio.loop.create_server}},
note={(Accessed on 26/04/2023)}
}

@misc{Broadcast,
howpublished={\url{https://websockets.readthedocs.io/en/stable/intro/tutorial2.html#broadcast}},
note={(Accesssed on 25/04/2023)}
}

@misc{SpriteSheet,
author={jurgenwesterhof},
title={{File:Chess Pieces Sprite.svg}},
year=2014,
howpublished={\url{https://commons.wikimedia.org/wiki/Template:SVG_chess_pieces}},
note={(Accessed on 25/04/2023)}
}

@misc{Debouncing,
howpublished={\url{https://web.archive.org/web/20220714020647/https://bencentra.com/code/2015/02/27/optimizing-window-resize.html}},
note={(Accessed on 26/04/2023)}
}